# bibtex.bib,v 1.5 1993/05/25 23:13:51 ohl Exp

# Effective Theories:

@article{Pol84,
  author={J. Polchinski},
  journal=np,
  pages={269},
  updated={May 25, 1993},
  volume={B231},
  year={1984}}

@techreport{Pol92,
  annote={TASI 1992 Lectures},
  author={J. Polchinski},
  number={NSF-ITP-92-132, UTTG-20-92},
  title={Effective Field Theory and the Fermi Surface},
  type={Preprint},
  updated={Jan 21, 1993},
  year={1992}}

@article{Wei79,
  author={Steven Weinberg},
  journal={Physica},
  pages={327},
  title={Phenomenological Lagrangians},
  volume={96A},
  year={1979}}

@article{MG84,
  author={Aneesh Manohar and
    Howard Georgi},
  journal=np,
  pages={189},
  title={Chiral Quarks and the Non-Relativistic Quark Model},
  updated={Jan  4, 1993},
  volume={B234},
  year={1984}}

@article{GR86,
  author={Howard Georgi and
    Lisa Randall},
  journal=np,
  pages={241},
  title={Flavor Conserving {$CP$} Violation in
    Invisible Axion Models},
  updated={May 25, 1993},
  volume={B276},
  year={1986}}

@techreport{Geo92.7,
  author={Howard Georgi},
  institution={Harvard University},
  month=jul,
  number={HUTP/92-A036},
  title={Generalized Dimensional Analysis},
  type={Preprint},
  updated={Jan 21, 1993},
  year={1992}}

@techreport{Geo92.9,
  author={Howard Georgi},
  institution={Harvard University},
  month=sep,
  number={HUTP/92-A049},
  title={{$D$-$\bar D$} Mixing in Heavy Quark Effective Field Theory},
  type={Preprint},
  updated={Jan 21, 1993},
  year={1992}}

@techreport{ORS92,
  address={Cambridge, MA 02138},
  author={Thorsten Ohl and
    Giulia Ricciardi and
    Elisabeth Simmons},
  errata={No errors have been found .... yet},
  institution={Harvard University},
  month=dec,
  number={HUTP/92-A053},
  title={{$D$-$\bar D$} Mixing in Heavy Quark Effective Field
    Theory: The Sequel},
  type={Preprint},
  updated={May 20, 1993},
  year={1992}}

# End of File, written by
# btxdb.el,v 1.20 1993/05/21 22:30:06
